@inproceedings{Bransen:2013:GRT:2502488.2502490,
 author = {Bransen, Jeroen and Magalh\~{a}es, Jos{\'e} Pedro},
 title = {Generic Representations of Tree Transformations},
 booktitle = {Proceedings of the 9th ACM SIGPLAN Workshop on Generic Programming},
 series = {WGP '13},
 year = {2013},
 isbn = {978-1-4503-2389-5},
 location = {Boston, Massachusetts, USA},
 pages = {73--84},
 numpages = {12},
 url = {http://doi.acm.org/10.1145/2502488.2502490},
 doi = {10.1145/2502488.2502490},
 acmid = {2502490},
 publisher = {ACM},
 address = {New York, NY, USA},
 keywords = {datatype-generic programming, diff, editing, haskell, transformation},
}

@inproceedings{Lemp09,
 author = {Lempsink, Eelco and Leather, Sean and L\"{o}h, Andres},
 title = {Type-safe Diff for Families of Datatypes},
 booktitle = {Proceedings of the 2009 ACM SIGPLAN Workshop on Generic Programming},
 series = {WGP '09},
 year = {2009},
 isbn = {978-1-60558-510-9},
 location = {Edinburgh, Scotland},
 pages = {61--72},
 numpages = {12},
 url = {http://doi.acm.org/10.1145/1596614.1596624},
 doi = {10.1145/1596614.1596624},
 acmid = {1596624},
 publisher = {ACM},
 address = {New York, NY, USA},
 keywords = {datatype-generic programming, dependent types, edit distance},
} 

@inproceedings{Oury:2008:PP:1411204.1411213,
 author = {Oury, Nicolas and Swierstra, Wouter},
 title = {The Power of Pi},
 booktitle = {Proceedings of the 13th ACM SIGPLAN International Conference on Functional Programming},
 series = {ICFP '08},
 year = {2008},
 isbn = {978-1-59593-919-7},
 location = {Victoria, BC, Canada},
 pages = {39--50},
 numpages = {12},
 url = {http://doi.acm.org/10.1145/1411204.1411213},
 doi = {10.1145/1411204.1411213},
 acmid = {1411213},
 publisher = {ACM},
 address = {New York, NY, USA},
 keywords = {dependent types, domain-specific embedded languages},
} 

@inproceedings{Swierstra:2014:SVC:2661136.2661137,
 author = {Swierstra, Wouter and L\"{o}h, Andres},
 title = {The Semantics of Version Control},
 booktitle = {Proceedings of the 2014 ACM International Symposium on New Ideas, New Paradigms, and Reflections on Programming 38; Software},
 series = {Onward! '14},
 year = {2014},
 isbn = {978-1-4503-3210-1},
 location = {Portland, Oregon, USA},
 pages = {43--54},
 numpages = {12},
 url = {http://doi.acm.org/10.1145/2661136.2661137},
 doi = {10.1145/2661136.2661137},
 acmid = {2661137},
 publisher = {ACM},
 address = {New York, NY, USA},
 keywords = {hoare logic, semantics, separation logic, version control},
} 

@inproceedings{Alimarine:2005:BAA:1088348.1088357,
 author = {Alimarine, Artem and Smetsers, Sjaak and van Weelden, Arjen and van Eekelen, Marko and Plasmeijer, Rinus},
 title = {There and Back Again: Arrows for Invertible Programming},
 booktitle = {Proceedings of the 2005 ACM SIGPLAN Workshop on Haskell},
 series = {Haskell '05},
 year = {2005},
 isbn = {1-59593-071-X},
 location = {Tallinn, Estonia},
 pages = {86--97},
 numpages = {12},
 url = {http://doi.acm.org/10.1145/1088348.1088357},
 doi = {10.1145/1088348.1088357},
 acmid = {1088357},
 publisher = {ACM},
 address = {New York, NY, USA},
 keywords = {arrows, haskell, invertible program construction, polytypic programming},
}

@INPROCEEDINGS{Kiselyov04stronglytyped,
    author = {Oleg Kiselyov},
    title = {Strongly typed heterogeneous collections},
    booktitle = {In Haskell â€™04: Proceedings of the ACM SIGPLAN workshop on Haskell},
    year = {2004},
    pages = {96--107},
    publisher = {ACM Press}
}

@article{Mcbride08Ape,
 author = {Mcbride, Conor and Paterson, Ross},
 title = {Applicative Programming with Effects},
 journal = {J. Funct. Program.},
 issue_date = {January 2008},
 volume = {18},
 number = {1},
 month = jan,
 year = {2008},
 issn = {0956-7968},
 pages = {1--13},
 numpages = {13},
 url = {http://dx.doi.org/10.1017/S0956796807006326},
 doi = {10.1017/S0956796807006326},
 acmid = {1348941},
 publisher = {Cambridge University Press},
 address = {New York, NY, USA},
}

@article{Eisenberg12DTPS,
 author = {Eisenberg, Richard A. and Weirich, Stephanie},
 title = {Dependently Typed Programming with Singletons},
 journal = {SIGPLAN Not.},
 issue_date = {December 2012},
 volume = {47},
 number = {12},
 month = sep,
 year = {2012},
 issn = {0362-1340},
 pages = {117--130},
 numpages = {14},
 url = {http://doi.acm.org/10.1145/2430532.2364522},
 doi = {10.1145/2430532.2364522},
 acmid = {2364522},
 publisher = {ACM},
 address = {New York, NY, USA},
 keywords = {dependently typed programming, gadts, haskell, singletons},
}

@article{Rendel10ISD,
 author = {Rendel, Tillmann and Ostermann, Klaus},
 title = {Invertible Syntax Descriptions: Unifying Parsing and Pretty Printing},
 journal = {SIGPLAN Not.},
 issue_date = {November 2010},
 volume = {45},
 number = {11},
 month = sep,
 year = {2010},
 issn = {0362-1340},
 pages = {1--12},
 numpages = {12},
 url = {http://doi.acm.org/10.1145/2088456.1863525},
 doi = {10.1145/2088456.1863525},
 acmid = {1863525},
 publisher = {ACM},
 address = {New York, NY, USA},
 keywords = {embedded domain specific languages, invertible computation, parser combinators, pretty printing},
}

@unpublished{Wadler98ExprPr,
 author = {P. Wadler and et al.},
 title = {The Expression Problem},
 note = {Discussion on the Java-Genericity mailing list},
 month = {December},
 year = {1998}
}
 
@article{Swierstra08DTL,
 author = {Swierstra, Wouter},
 title = {Data Types \&\#224; La Carte},
 journal = {J. Funct. Program.},
 issue_date = {July 2008},
 volume = {18},
 number = {4},
 month = jul,
 year = {2008},
 issn = {0956-7968},
 pages = {423--436},
 numpages = {14},
 url = {http://dx.doi.org/10.1017/S0956796808006758},
 doi = {10.1017/S0956796808006758},
 acmid = {1394795},
 publisher = {Cambridge University Press},
 address = {New York, NY, USA},
}

@article{Carette09FTP,
 author = {Carette, Jacques and Kiselyov, Oleg and Shan, Chung-chieh},
 title = {Finally Tagless, Partially Evaluated: Tagless Staged Interpreters for Simpler Typed Languages},
 journal = {J. Funct. Program.},
 issue_date = {September 2009},
 volume = {19},
 number = {5},
 month = sep,
 year = {2009},
 issn = {0956-7968},
 pages = {509--543},
 numpages = {35},
 url = {http://dx.doi.org/10.1017/S0956796809007205},
 doi = {10.1017/S0956796809007205},
 acmid = {1630626},
 publisher = {Cambridge University Press},
 address = {New York, NY, USA},
}

@incollection{Oleg12FTP,
year={2012},
isbn={978-3-642-32201-3},
booktitle={Generic and Indexed Programming},
volume={7470},
series={Lecture Notes in Computer Science},
editor={Gibbons, Jeremy},
doi={10.1007/978-3-642-32202-0_3},
title={Typed Tagless Final Interpreters},
url={http://dx.doi.org/10.1007/978-3-642-32202-0_3},
publisher={Springer Berlin Heidelberg},
author={Kiselyov, Oleg},
pages={130-174},
language={English}
}

@incollection{PierceDiff3,
year={2007},
isbn={978-3-540-77049-7},
booktitle={FSTTCS 2007: Foundations of Software Technology and Theoretical Computer Science},
volume={4855},
series={Lecture Notes in Computer Science},
editor={Arvind, V. and Prasad, Sanjiva},
doi={10.1007/978-3-540-77050-3_40},
title={A Formal Investigation of Diff3},
url={http://dx.doi.org/10.1007/978-3-540-77050-3_40},
publisher={Springer Berlin Heidelberg},
author={Khanna, Sanjeev and Kunal, Keshav and Pierce, BenjaminC.},
pages={485-496},
language={English}
}

@article{Devriese11,
 author = {Devriese, Dominique and Piessens, Frank},
 title = {On the Bright Side of Type Classes: Instance Arguments in Agda},
 journal = {SIGPLAN Not.},
 issue_date = {September 2011},
 volume = {46},
 number = {9},
 month = sep,
 year = {2011},
 issn = {0362-1340},
 pages = {143--155},
 numpages = {13},
 url = {http://doi.acm.org/10.1145/2034574.2034796},
 doi = {10.1145/2034574.2034796},
 acmid = {2034796},
 publisher = {ACM},
 address = {New York, NY, USA},
 keywords = {ad hoc polymorphism, agda, instance arguments, type classes},
} 

@inproceedings{Berg00,
 author = {Bergroth, L. and Hakonen, H. and Raita, T.},
 title = {A Survey of Longest Common Subsequence Algorithms},
 booktitle = {Proceedings of the Seventh International Symposium on String Processing Information Retrieval (SPIRE'00)},
 series = {SPIRE '00},
 year = {2000},
 isbn = {0-7695-0746-8},
 pages = {39--},
 url = {http://dl.acm.org/citation.cfm?id=829519.830817},
 acmid = {830817},
 publisher = {IEEE Computer Society},
 address = {Washington, DC, USA},
 keywords = {algorithm performance, data structures, execution time, longest common subsequence algorithms, string comparison, string matching},
} 